@book{Chinareport,
  title={Annual report on development of new media in China},
  author={X. J. Tang and Chinese Academy of Social Sciences and Institute for Journalism Communication Research},
  year={2013},
  publisher={Social Sciences Academic Press(China)}
}

@inproceedings{castillo2011information,
  title={Information credibility on twitter},
  author={Castillo, Carlos and Mendoza, Marcelo and Poblete, Barbara},
  booktitle={Proceedings of the 20th international conference on World wide web},
  pages={675--684},
  year={2011},
  organization={ACM}
}

@inproceedings{qazvinian2011rumor,
  title={Rumor has it: Identifying misinformation in microblogs},
  author={Qazvinian, Vahed and Rosengren, Emily and Radev, Dragomir R and Mei, Qiaozhu},
  booktitle={Proceedings of the Conference on Empirical Methods in Natural Language Processing},
  pages={1589--1599},
  year={2011},
  organization={Association for Computational Linguistics}
}
@inproceedings{yang2012automatic,
  title={Automatic detection of rumor on sina weibo},
  author={Yang, Fan and Liu, Yang and Yu, Xiaohui and Yang, Min},
  booktitle={Proceedings of the ACM SIGKDD Workshop on Mining Data Semantics},
  pages={13},
  year={2012},
  organization={ACM}
}
@inproceedings{wu2015false,
  title={False rumors detection on sina weibo by propagation structures},
  author={Wu, Ke and Yang, Song and Zhu, Kenny Q},
  booktitle={IEEE International Conference on Data Engineering, ICDE},
  year={2015}
}
@book{bishop2006pattern,
  title={Pattern recognition and machine learning},
  author={Bishop, Christopher M},
  year={2006},
  publisher={springer}
}
@inproceedings{hassan2010s,
  title={What's with the attitude?: identifying sentences with attitude in online discussions},
  author={Hassan, Ahmed and Qazvinian, Vahed and Radev, Dragomir},
  booktitle={Proceedings of the 2010 Conference on Empirical Methods in Natural Language Processing},
  pages={1245--1255},
  year={2010},
  organization={Association for Computational Linguistics}
}
@article{ratkiewicz2010detecting,
  title={Detecting and tracking the spread of astroturf memes in microblog streams},
  author={Ratkiewicz, Jacob and Conover, Michael and Meiss, Mark and Gon{\c{c}}alves, Bruno and Patil, Snehal and Flammini, Alessandro and Menczer, Filippo},
  journal={arXiv preprint arXiv:1011.3768},
  year={2010}
}
@book{jolliffe2002principal,
  title={Principal component analysis},
  author={Jolliffe, Ian},
  year={2002},
  publisher={Wiley Online Library}
}
@inproceedings{de1994singular,
  title={Singular Value Decomposition},
  author={De Lathauwer, L and De Moor, B and Vandewalle, J and by Higher-Order, Blind Source Separation},
  booktitle={Proc. EUSIPCO-94, Edinburgh, Scotland, UK},
  volume={1},
  pages={175--178},
  year={1994}
}
@article{guyon2003introduction,
  title={An introduction to variable and feature selection},
  author={Guyon, Isabelle and Elisseeff, Andr{\'e}},
  journal={The Journal of Machine Learning Research},
  volume={3},
  pages={1157--1182},
  year={2003},
  publisher={JMLR. org}
}
@article{kohavi1997wrappers,
  title={Wrappers for feature subset selection},
  author={Kohavi, Ron and John, George H},
  journal={Artificial intelligence},
  volume={97},
  number={1},
  pages={273--324},
  year={1997},
  publisher={Elsevier}
}
@article{battiti1994using,
  title={Using mutual information for selecting features in supervised neural net learning},
  author={Battiti, Roberto},
  journal={Neural Networks, IEEE Transactions on},
  volume={5},
  number={4},
  pages={537--550},
  year={1994},
  publisher={IEEE}
}
@incollection{benesty2009pearson,
  title={Pearson correlation coefficient},
  author={Benesty, Jacob and Chen, Jingdong and Huang, Yiteng and Cohen, Israel},
  booktitle={Noise reduction in speech processing},
  pages={1--4},
  year={2009},
  publisher={Springer}
}
@article{shannon2001mathematical,
  title={A mathematical theory of communication},
  author={Shannon, Claude Elwood},
  journal={ACM SIGMOBILE Mobile Computing and Communications Review},
  volume={5},
  number={1},
  pages={3--55},
  year={2001},
  publisher={ACM}
}
@article{kohavi1997wrappers,
  title={Wrappers for feature subset selection},
  author={Kohavi, Ron and John, George H},
  journal={Artificial intelligence},
  volume={97},
  number={1},
  pages={273--324},
  year={1997},
  publisher={Elsevier}
}
@article{pudil1994floating,
  title={Floating search methods in feature selection},
  author={Pudil, Pavel and Novovi{\v{c}}ov{\'a}, Jana and Kittler, Josef},
  journal={Pattern recognition letters},
  volume={15},
  number={11},
  pages={1119--1125},
  year={1994},
  publisher={Elsevier}
}
@article{nakariyakul2009improvement,
  title={An improvement on floating search algorithms for feature subset selection},
  author={Nakariyakul, Songyot and Casasent, David P},
  journal={Pattern Recognition},
  volume={42},
  number={9},
  pages={1932--1940},
  year={2009},
  publisher={Elsevier}
}
@article{golberg1989genetic,
  title={Genetic algorithms in search, optimization, and machine learning},
  author={Golberg, David E},
  journal={Addion wesley},
  volume={1989},
  year={1989}
}
@incollection{yang1998feature,
  title={Feature subset selection using a genetic algorithm},
  author={Yang, Jihoon and Honavar, Vasant},
  booktitle={Feature extraction, construction and selection},
  pages={117--136},
  year={1998},
  publisher={Springer}
}
@inproceedings{yang1998distal,
  title={DistAl: An inter-pattern distance-based constructive learning algorithm},
  author={Yang, Jihoon and Parekh, Rajesh and Konavar, V},
  booktitle={Neural Networks Proceedings, 1998. IEEE World Congress on Computational Intelligence. The 1998 IEEE International Joint Conference on},
  volume={3},
  pages={2208--2213},
  year={1998},
  organization={IEEE}
}
@article{xu2010discriminative,
  title={Discriminative semi-supervised feature selection via manifold regularization},
  author={Xu, Zenglin and King, Irwin and Lyu, Michael Rung-Tsong and Jin, Rong},
  journal={Neural Networks, IEEE Transactions on},
  volume={21},
  number={7},
  pages={1033--1047},
  year={2010},
  publisher={IEEE}
}
@article{altman1992introduction,
  title={An introduction to kernel and nearest-neighbor nonparametric regression},
  author={Altman, Naomi S},
  journal={The American Statistician},
  volume={46},
  number={3},
  pages={175--185},
  year={1992},
  publisher={Taylor \& Francis}
}
@article{hartigan1979algorithm,
  title={Algorithm AS 136: A k-means clustering algorithm},
  author={Hartigan, John A and Wong, Manchek A},
  journal={Applied statistics},
  pages={100--108},
  year={1979},
  publisher={JSTOR}
}
@article{zimek2012survey,
  title={A survey on unsupervised outlier detection in high-dimensional numerical data},
  author={Zimek, Arthur and Schubert, Erich and Kriegel, Hans-Peter},
  journal={Statistical Analysis and Data Mining: The ASA Data Science Journal},
  volume={5},
  number={5},
  pages={363--387},
  year={2012},
  publisher={Wiley Online Library}
}
@book{abu2012learning,
  title={Learning from data},
  author={Abu-Mostafa, Yaser S and Magdon-Ismail, Malik and Lin, Hsuan-Tien},
  year={2012},
  publisher={AMLBook}
}
@inproceedings{yu2004incorporating,
  title={Incorporating Prior Domain Knowledge in Machine Learning: A Review},
  author={Yu, Ting and Jan, Tony and Debenham, John and Simoff, Simeon},
  booktitle={AISTA 2004: International Conference on Advances in Intelligence Systems-Theory and Applications in cooperation with IEEE Computer Society},
  year={2004}
}
@book{bertsekas2014constrained,
  title={Constrained optimization and Lagrange multiplier methods},
  author={Bertsekas, Dimitri P},
  year={2014},
  publisher={Academic press}
}
@article{farrar1967multicollinearity,
  title={Multicollinearity in regression analysis: the problem revisited},
  author={Farrar, Donald E and Glauber, Robert R},
  journal={The Review of Economic and Statistics},
  pages={92--107},
  year={1967},
  publisher={JSTOR}
}
@inproceedings{ng2004feature,
  title={Feature selection, L 1 vs. L 2 regularization, and rotational invariance},
  author={Ng, Andrew Y},
  booktitle={Proceedings of the twenty-first international conference on Machine learning},
  pages={78},
  year={2004},
  organization={ACM}
}
@phdthesis{hall1999correlation,
  title={Correlation-based feature selection for machine learning},
  author={Hall, Mark A},
  year={1999},
  school={The University of Waikato}
}
@inproceedings{hall2000textordfemininecorrelation,
  title={{\textordfeminine}Correlation Based Feature Selection for Discrete and Numeric Class Machine Learning},
  author={Hall, MA},
  booktitle={{\textordmasculine} Proc. 17th Int'l. Conf. Machine Learning},
  year={2000}
}
@article{safavian1991survey,
  title={A survey of decision tree classifier methodology},
  author={Safavian, S Rasoul and Landgrebe, David},
  journal={IEEE transactions on systems, man, and cybernetics},
  volume={21},
  number={3},
  pages={660--674},
  year={1991}
}
@article{ceriani2012origins,
  title={The origins of the Gini index: extracts from Variabilit{\`a} e Mutabilit{\`a} (1912) by Corrado Gini},
  author={Ceriani, Lidia and Verme, Paolo},
  journal={The Journal of Economic Inequality},
  volume={10},
  number={3},
  pages={421--443},
  year={2012},
  publisher={Springer}
}
@article{breiman2001random,
  title={Random forests},
  author={Breiman, Leo},
  journal={Machine learning},
  volume={45},
  number={1},
  pages={5--32},
  year={2001},
  publisher={Springer}
}
@article{strobl2007bias,
  title={Bias in random forest variable importance measures: Illustrations, sources and a solution},
  author={Strobl, Carolin and Boulesteix, Anne-Laure and Zeileis, Achim and Hothorn, Torsten},
  journal={BMC bioinformatics},
  volume={8},
  number={1},
  pages={25},
  year={2007},
  publisher={BioMed Central Ltd}
}